@article{collaboration_2012,
	doi = {10.1088/1748-0221/7/10/p10002},
  
	url = {https://doi.org/10.1088%2F1748-0221%2F7%2F10%2Fp10002
    },
  
	year = 2012,
	month = {oct},
  
	publisher = {{IOP} Publishing},
  
	volume = {7},
  
	number = {10},
  
	pages = {P10002--P10002},
  
	author = {The CMS collaboration},
  
	title = {Performance of {CMS} muon reconstruction in pp collision events at $\sqrt{s} = \SI{7}{\tera\eV}$
},
  
	journal = {Journal of Instrumentation}
}

@misc{dataB,
  doi = {10.7483/OPENDATA.CMS.YLIC.86ZZ},
  url = {http://opendata.cern.ch/record/6004},
  author = {{CMS Collaboration}},
  title = {/DoubleMuParked/Run2012B-22Jan2013-v1/AOD},
  publisher = {CERN Open Data Portal},
  year = {2017}
}

@misc{dataC,
  doi = {10.7483/OPENDATA.CMS.M5AD.Y3V3},
  url = {http://opendata.cern.ch/record/6030},
  author = {{CMS Collaboration}},
  title = {/DoubleMuParked/Run2012C-22Jan2013-v1/AOD},
  publisher = {CERN Open Data Portal},
  year = {2017}
}

@misc{dataA,
  doi = {10.7483/OPENDATA.CMS.LVG5.QT81},
  url = {http://opendata.cern.ch/record/12341},
  author = {Wunsch,  Stefan},
  title = {DoubleMuParked dataset from 2012 in NanoAOD format reduced on muons},
  publisher = {CERN Open Data Portal},
  year = {2019}
}

@article{Khachatryan_2015,
	doi = {10.1016/j.physletb.2015.07.037},
  
	url = {https://doi.org/10.1016%2Fj.physletb.2015.07.037
 },
  
	year = 2015,
	month = {oct},
  
	publisher = {Elsevier {BV}
},
  
	volume = {749},
  
	pages = {14--34},
  
	author = {CMS Collaboration},
  
	title = {Measurements of the Upsilon(1S), Upsilon(2S), and Upsilon(3S) differential cross sections in pp collisions at sqrt(s) = 7 TeV},
  
	journal = {Physics Letters B}
}